@misc{WasIstLeberzirrhose2022,
  title = {{Was ist eine Leberzirrhose?}},
  year = {2022},
  month = mar,
  journal = {netDoktor},
  urldate = {2025-02-19},
  abstract = {Bei einer Leberzirrhose (Schrumpfleber) geht Lebergewebe zugrunde
              und wandelt sich nach und nach in Bindegewebe um. Lesen Sie hier au
              {\ss}erdem, wie Sie der Erkrankung vorbeugen k{\"o}nnen!},
  howpublished = {https://www.netdoktor.de/krankheiten/leberzirrhose/},
  langid = {ngerman},
  file = {/home/clemens/Zotero/storage/3ZTK5KVC/leberzirrhose.html},
}
